<record><leader>00000cas a22000007a 4500</leader><controlfield tag="001">18111601</controlfield><controlfield tag="008">880620u1935uuuutxuuu ne      0    0eng d</controlfield><datafield ind1=" " ind2=" " tag="010"><subfield code="a">sn 88083780 </subfield></datafield><datafield ind1=" " ind2=" " tag="040"><subfield code="a">PPM</subfield><subfield code="b">eng</subfield><subfield code="c">PPM</subfield><subfield code="d">OCLCQ</subfield></datafield><datafield ind1=" " ind2=" " tag="042"><subfield code="a">msc</subfield></datafield><datafield ind1="0" ind2="4" tag="245"><subfield code="a">The Illuminator.</subfield></datafield><datafield ind1=" " ind2=" " tag="260"><subfield code="a">Fort Worth, Tex. :</subfield><subfield code="b">Allied Civic Leagues</subfield></datafield><datafield ind1="1" ind2=" " tag="362"><subfield code="a">Began in 1935?</subfield></datafield><datafield ind1=" " ind2=" " tag="588"><subfield code="a">Description based on: Vol. 1, no. 2 (Sept. 2, 1935).</subfield></datafield><datafield ind1=" " ind2=" " tag="752"><subfield code="a">United States</subfield><subfield code="b">Texas</subfield><subfield code="c">Tarrant</subfield><subfield code="d">Fort Worth.</subfield></datafield><datafield ind1="1" ind2=" " tag="029"><subfield code="a">AU@</subfield><subfield code="b">000025804359</subfield></datafield></record>